<record><leader>00000cas a2200000 a 4500</leader><controlfield tag="001">12952774</controlfield><controlfield tag="008">851223d18871888ksuwr ne      0    0eng d</controlfield><datafield ind1=" " ind2=" " tag="010"><subfield code="a">sn 85067279 </subfield></datafield><datafield ind1=" " ind2=" " tag="040"><subfield code="a">KSH</subfield><subfield code="b">eng</subfield><subfield code="c">KSH</subfield><subfield code="d">NPT</subfield><subfield code="d">OCL</subfield><subfield code="d">OCLCQ</subfield></datafield><datafield ind1=" " ind2=" " tag="042"><subfield code="a">msc</subfield></datafield><datafield ind1="0" ind2="4" tag="245"><subfield code="a">The Independent-sun.</subfield></datafield><datafield ind1="1" ind2="3" tag="246"><subfield code="a">Sun</subfield><subfield code="f">Sept. 9-30, 1887</subfield></datafield><datafield ind1=" " ind2=" " tag="260"><subfield code="a">Yates Center, Kan. :</subfield><subfield code="b">D.H. Burt,</subfield><subfield code="c">1887-1888.</subfield></datafield><datafield ind1=" " ind2=" " tag="300"><subfield code="a">1 v. :</subfield><subfield code="b">ill. ;</subfield><subfield code="c">59 cm.</subfield></datafield><datafield ind1=" " ind2=" " tag="310"><subfield code="a">Weekly</subfield></datafield><datafield ind1="0" ind2=" " tag="362"><subfield code="a">Vol. 2, no. 4 (Sept. 9, 1887)-v. 3, no. 17 (Dec. 7, 1888).</subfield></datafield><datafield ind1=" " ind2=" " tag="500"><subfield code="a">Published by W.S. Shippey, Jan. 6-Dec. 7, 1888.</subfield></datafield><datafield ind1=" " ind2=" " tag="752"><subfield code="a">United States</subfield><subfield code="b">Kansas</subfield><subfield code="c">Woodson</subfield><subfield code="d">Yates Center.</subfield></datafield><datafield ind1="0" ind2="4" tag="780"><subfield code="t">Sun (Yates Center, Kan.)</subfield><subfield code="w">(DLC)sn 85067260</subfield></datafield><datafield ind1="0" ind2="4" tag="780"><subfield code="t">Woodson County independent</subfield><subfield code="w">(DLC)sn 85032944</subfield></datafield><datafield ind1="1" ind2=" " tag="029"><subfield code="a">AU@</subfield><subfield code="b">000022171786</subfield></datafield></record>